% Bibliography

% Individual papers here aliased as lastname##, ## is the last two digits of year of publication.
% Surveys at bottom, aliased as surveyname, with dr## if applicable.

%%%%%%%%%%%%%%%%%%%%%%%%%%%%%%%%%%%%%%%%%%%%%%%%%%%%%%%%%%%%%%%%%%%%%%%%%%%%%%%
%%%%%%%%%%%%%%%%%%%%%%%%%%%%%%%% PAPERS %%%%%%%%%%%%%%%%%%%%%%%%%%%%%%%%%%%%%%%
%%%%%%%%%%%%%%%%%%%%%%%%%%%%%%%%%%%%%%%%%%%%%%%%%%%%%%%%%%%%%%%%%%%%%%%%%%%%%%%

@BOOK{binney08,
       author = {{Binney}, James and {Tremaine}, Scott},
        title = "{Galactic Dynamics: Second Edition}",
         year = 2008,
         publisher= {Princeton University Press},
         address= {Princeton, NJ},
       adsurl = {https://ui.adsabs.harvard.edu/abs/2008gady.book.....B},
      adsnote = {Provided by the SAO/NASA Astrophysics Data System}
}






%%%%%%%%%%%%%%%%%%%%%%%%%%%%%%%%%%%%%%%%%%%%%%%%%%%%%%%%%%%%%%%%%%%%%%%%%%%%%%%
%%%%%%%%%%%%%%%%%%%%%%%%%%% SURVEYS & TECHNICAL %%%%%%%%%%%%%%%%%%%%%%%%%%%%%%%
%%%%%%%%%%%%%%%%%%%%%%%%%%%%%%%%%%%%%%%%%%%%%%%%%%%%%%%%%%%%%%%%%%%%%%%%%%%%%%%